
@book{mal_book,
    AUTHOR     = {},
    TITLE      = {},
    PUBLISHER  = {},
    YEAR       = {},
    PAGES      = {},
    ISBN       = {},
}

@ARTICLE{mal_artikkel,
    AUTHOR      ="",
    TITLE       ="",
    JOURNAL     ="",
    YEAR        ="",
}

@ONLINE{male_web,
    AUTHOR    = "",
    TITLE     = "",
    URL       = "",
    URLDATE   = "",
}

@book{Miekebal_book,
    AUTHOR     = {Bal Mieke},
    TITLE      = {Double Exposures: the subject of cultural analysis},
    PUBLISHER  = {Routledge},
    YEAR       = {1996},
}

@book{Thi_book,
    AUTHOR     = {Greenberg Reesa, Ferguson Bruce, Nairne Sandy},
    TITLE      = {Thinking about exhibitions},
    PUBLISHER  = {Routledge},
    YEAR       = {1996},
}

@techreport{melding23,
    AUTHOR     = {Meld.St.23},
    TITLE      = {Musea i samfunnet - Tillit, ting og tid},
    PUBLISHER  = {Kulturdepartementet},
    YEAR       = {2020-2021},
    URL        = {https://www.regjeringen.no/no/dokumenter/meld.-st.-23-20202021/id2840027/},
    urldate = {2021-04-07}
} 

@article{hebda_article,
	title = {Museums, Climate Change and Sustainability},
	volume = {22},
	issn = {0964-7775, 1872-9185},
	url = {http://www.tandfonline.com/doi/abs/10.1080/09647770701757682},
	doi = {10.1080/09647770701757682},
	language = {en},
	number = {4},
	urldate = {2022-03-09},
	journal = {Museum Management and Curatorship},
	author = {Hebda, Richard J.},
	month = dec,
	year = {2007},
	pages = {329--336},
}

@ONLINE{UW_website,
    AUTHOR    = "U.W. Madison, dept. of history.",
    TITLE     = "Why should you study history?",
    date   = {},
    URL       = {"https://history.wisc.edu/undergraduate-program/history-careers/why-history/"},
    urldate = {2021-04-08}
}